<record xmlns='http://www.loc.gov/MARC21/slim'><leader>01230ccm a2200361 a 4500</leader><controlfield tag='001'>2015365</controlfield><controlfield tag='005'>20140715165133.0</controlfield><controlfield tag='008'>861211s1979    nyumou           1  eng d</controlfield><datafield ind1='1' ind2=' ' tag='019'><subfield code='a'>7579196</subfield></datafield><datafield ind1='2' ind2='2' tag='028'><subfield code='a'>Oct. 6018</subfield><subfield code='b'>Boosey &amp; Hawkes</subfield></datafield><datafield ind1='2' ind2='2' tag='028'><subfield code='a'>Oct. 6019</subfield><subfield code='b'>Boosey &amp; Hawkes</subfield></datafield><datafield ind1='2' ind2='2' tag='028'><subfield code='a'>Oct. 6020</subfield><subfield code='b'>Boosey &amp; Hawkes</subfield></datafield><datafield ind1='2' ind2='2' tag='028'><subfield code='a'>Oct. 6021</subfield><subfield code='b'>Boosey &amp; Hawkes</subfield></datafield><datafield ind1=' ' ind2=' ' tag='035'><subfield code='9'>(OCoLC)18243979</subfield></datafield><datafield ind1=' ' ind2=' ' tag='035'><subfield code='9'>(AuCNLDY)1501662</subfield></datafield><datafield ind1=' ' ind2=' ' tag='035'><subfield code='a'>2015365</subfield></datafield><datafield ind1='0' ind2=' ' tag='041'><subfield code='g'>eng</subfield></datafield><datafield ind1='0' ind2=' ' tag='045'><subfield code='b'>d192112</subfield></datafield><datafield ind1=' ' ind2=' ' tag='048'><subfield code='a'>ca04</subfield></datafield><datafield ind1='1' ind2=' ' tag='100'><subfield code='a'>Copland, Aaron,</subfield><subfield code='d'>1900-1990.</subfield></datafield><datafield ind1='1' ind2='0' tag='240'><subfield code='a'>Motets,</subfield><subfield code='m'>mixed voices</subfield></datafield><datafield ind1='1' ind2='0' tag='245'><subfield code='a'>[Four motets],  S.A.T.B. /</subfield><subfield code='c'>Aaron Copland ; texts drawn from Biblical sources.</subfield><subfield code='h'>[music]</subfield></datafield><datafield ind1=' ' ind2=' ' tag='260'><subfield code='a'>New York :</subfield><subfield code='b'>Boosey &amp; Hawkes,</subfield><subfield code='c'>c1979.</subfield></datafield><datafield ind1=' ' ind2=' ' tag='300'><subfield code='a'>1 score (4 v.) ;</subfield><subfield code='c'>27 cm.</subfield></datafield><datafield ind1=' ' ind2=' ' tag='500'><subfield code='a'>Each vol. with individual t.p.</subfield></datafield><datafield ind1=' ' ind2=' ' tag='500'><subfield code='a'>English words.</subfield></datafield><datafield ind1=' ' ind2=' ' tag='500'><subfield code='a'>With keyboard reduction for rehearsal only.</subfield></datafield><datafield ind1=' ' ind2=' ' tag='500'><subfield code='a'>Duration: 11:20.</subfield></datafield><datafield ind1=' ' ind2=' ' tag='500'><subfield code='a'>Composed in 1921.</subfield></datafield><datafield ind1='0' ind2=' ' tag='505'><subfield code='a'>Help us, o Lord -- Thou, o Jehovah, abideth forever -- Have mercy on us, o my Lord -- Sing ye praises to our King.</subfield></datafield><datafield ind1=' ' ind2='0' tag='650'><subfield code='a'>Motets.</subfield></datafield><datafield ind1=' ' ind2='0' tag='650'><subfield code='a'>Choruses, Sacred (Mixed voices, 4 parts), Unaccompanied.</subfield></datafield><datafield ind1='f' ind2='f' tag='999'><subfield code='i'>266a4e11-713a-5c74-b141-18f1223292e7</subfield><subfield code='s'>c0327e6c-2121-54c8-a733-12745e859cca</subfield></datafield><datafield ind1='f' ind2='f' tag='952'><subfield code='a'>National Library of Australia</subfield><subfield code='b'>Parkes</subfield><subfield code='c'>Parkes</subfield><subfield code='d'>Special Collections Reading Room (MUS [LG1])</subfield><subfield code='e'>MUS MUSM 126045/1</subfield><subfield code='h'>Other scheme</subfield><subfield code='i'>Monograph</subfield><subfield code='m'>49380a9c-82f2-58d5-9b93-12e43497333e</subfield></datafield></record>